@inproceedings{geyer1991,
	Author = {Geyer, CJ},
	Booktitle = {Proceedings of the 23rd Symposium on the Interface},
	Date-Added = {2011-06-15 11:05:55 -0700},
	Date-Modified = {2011-06-15 11:07:41 -0700},
	Editor = {EM Keramidas},
	Pages = {156--163},
	Series = {Computing Science and Statistics},
	Title = {{Markov chain Monte Carlo maximum likelihood}},
	Year = {1991}
}

@article{metropolis1953,
	Author = {Metropolis, N. and Rosenbluth, A.W. and Rosenbluth, M.N. and Teller, A.H. and Teller, E.},
	Date-Modified = {2010-11-12 22:57:18 -0500},
	Journal = {Journal of Chemical Physics},
	Number = {6},
	Pages = {1087},
	Title = {{Equation of state calculations by fast computing machines}},
	Volume = {21},
	Year = {1953}
}

@article{reiner2012,
	author = {Reiner, Robert C. and King, Aaron A. and Emch, Michael and Yunus, Mohammad and Faruque, A.S.G. and Pascual, Mercedes},
	title = {{Highly localized sensitivity to climate forcing drives endemic cholera in a megacity}},
	journal = {PNAS},
	volume={109},
	number={6},
	pages={2033--2036},
	year={2012},
	publisher={National Acad Sciences},
	doi = {doi: 10.1073/pnas.1108438109},
	url = {http://www.pnas.org/cgi/doi/10.1073/pnas.1108438109}
}

@article{green2001,
	author = {Green, Peter J and Richardson, Sylvia},
	title = {{Modelling heterogeneity with and without the Dirichlet process}},
	journal = {Scandinavian Journal of Statistics},
	year = {2001},
	volume = {28},
	number = {2},
	pages = {355--375}
}

@article{baeza2013,
	author = {Baeza, Andres and Bouma, Menno J and Dhiman, Ramesh Chand and Baskerville, Edward B and Ceccato, Pietro and Yadav, Rajpal and Pascual, Mercedes},
	title = {{Long-lasting transition towards sustainable elimination of desert malaria under irrigation development}},
	journal = {PNAS},
	year = 2013,
	volume = {(in revision)}
}

@article{akaike1974,
  title={A new look at the statistical model identification},
  author={Akaike, Hirotugu},
  journal={IEEE Transactions on Automatic Control},
  volume={19},
  number={6},
  pages={716--723},
  year={1974},
  publisher={IEEE}
}

@article{geman1984,
  title={{Stochastic relaxation, Gibbs distributions, and the Bayesian restoration of images}},
  author={Geman, Stuart and Geman, Donald},
  journal={IEEE Transactions on Pattern Analysis and Machine Intelligence},
  volume={6},
  pages={721--741},
  year={1984},
  publisher={IEEE}
}

@article{jeffreys1946,
  title={An invariant form for the prior probability in estimation problems},
  author={Jeffreys, Harold},
  journal={Proceedings of the Royal Society of London. Series A. Mathematical and Physical Sciences},
  volume={186},
  number={1007},
  pages={453--461},
  year={1946},
  publisher={The Royal Society}
}

@inproceedings{robbins1956,
  title={{An empirical Bayes approach to statistics}},
  author={Robbins, Herbert},
  booktitle={Proceedings of the Third Berkeley Symposium on Mathematical Statistics and Probability: Contributions to the Theory of Statistics},
  volume={1},
  pages={157},
  year={1956},
  organization={University of California Press}
}

@misc{gray1953,
  title={Pulse code communication},
  author={Gray, Frank},
  year={1953},
  month=mar # "~17",
  note={US Patent 2,632,058}
}

@article{baskerville2011,
  title={{Spatial guilds in the Serengeti food web revealed by a Bayesian group model}},
  author={Baskerville, Edward B and Dobson, Andy P and Bedford, Trevor and Allesina, Stefano and Anderson, T Michael and Pascual, Mercedes},
  journal={PLoS Computational Biology},
  volume={7},
  number={12},
  pages={e1002321},
  year={2011},
  publisher={Public Library of Science},
  url = {http://dx.plos.org/10.1371/journal.pcbi.1002321},
  doi = {doi:10.1371/journal.pcbi.1002321}
}
